@inproceedings{ He2013,
      author = "Jiyin He and Jacco van Ossenbruggen and Arjen de Vries",
      title = "Do you need experts in the crowd? A case study in image annotation for marine biology",  
	booktitle=”Open Research Areas in Information Retrieval (OAIR 2013), the 10th International Conference in the RIAO series”,
	year = "2013" }